<record><leader>00000cas a2200000 a 4500</leader><controlfield tag="001">12411732</controlfield><controlfield tag="008">850822d193519uuksuwr ne      0    0eng d</controlfield><datafield ind1=" " ind2=" " tag="010"><subfield code="a">sn 85029561 </subfield></datafield><datafield ind1=" " ind2=" " tag="040"><subfield code="a">KSH</subfield><subfield code="b">eng</subfield><subfield code="c">KSH</subfield><subfield code="d">NPT</subfield><subfield code="d">OCL</subfield><subfield code="d">OCLCQ</subfield></datafield><datafield ind1=" " ind2=" " tag="042"><subfield code="a">msc</subfield></datafield><datafield ind1="0" ind2="4" tag="245"><subfield code="a">The Republic advertiser.</subfield></datafield><datafield ind1="1" ind2="3" tag="246"><subfield code="a">Advertiser</subfield><subfield code="f">Dec. 28, 1939-July 25, 1940</subfield></datafield><datafield ind1=" " ind2=" " tag="260"><subfield code="a">Republic, Kan. :</subfield><subfield code="b">[Ronald R. Furse],</subfield><subfield code="c">1935-</subfield></datafield><datafield ind1=" " ind2=" " tag="300"><subfield code="a">v. :</subfield><subfield code="b">ill. ;</subfield><subfield code="c">49-54 cm.</subfield></datafield><datafield ind1=" " ind2=" " tag="310"><subfield code="a">Weekly</subfield></datafield><datafield ind1="0" ind2=" " tag="362"><subfield code="a">Vol. 1, no. 1 (Mar. [i.e. Feb.] 28, 1935)-</subfield></datafield><datafield ind1=" " ind2=" " tag="500"><subfield code="a">Published by William and Evelyn Cogswell, Oct. 3, 1940-</subfield></datafield><datafield ind1=" " ind2=" " tag="752"><subfield code="a">United States</subfield><subfield code="b">Kansas</subfield><subfield code="c">Republic</subfield><subfield code="d">Republic.</subfield></datafield><datafield ind1="1" ind2=" " tag="029"><subfield code="a">AU@</subfield><subfield code="b">000022171814</subfield></datafield></record>